<record><leader>00000cas a2200000 a 4500</leader><controlfield tag="001">40561601</controlfield><controlfield tag="008">981231c19809999fluwr ne      0    0eng c</controlfield><datafield ind1=" " ind2=" " tag="010"><subfield code="a">sn 98026455 </subfield></datafield><datafield ind1=" " ind2=" " tag="040"><subfield code="a">FUG</subfield><subfield code="b">eng</subfield><subfield code="c">FUG</subfield><subfield code="d">OCL</subfield><subfield code="d">OCLCQ</subfield><subfield code="d">OCLCF</subfield><subfield code="d">OCLCO</subfield><subfield code="d">FUG</subfield></datafield><datafield ind1=" " ind2=" " tag="019"><subfield code="a">994609587</subfield></datafield><datafield ind1="1" ind2=" " tag="029"><subfield code="a">AU@</subfield><subfield code="b">000014497634</subfield></datafield><datafield ind1=" " ind2=" " tag="042"><subfield code="a">pcc</subfield></datafield><datafield ind1=" " ind2=" " tag="043"><subfield code="a">n-us-fl</subfield></datafield><datafield ind1=" " ind2="4" tag="050"><subfield code="a">AN2.F6S43</subfield><subfield code="b">S86</subfield></datafield><datafield ind1="0" ind2="4" tag="245"><subfield code="a">The Sebastian sun.</subfield></datafield><datafield ind1="3" ind2="0" tag="246"><subfield code="a">Sun</subfield></datafield><datafield ind1=" " ind2=" " tag="260"><subfield code="a">Sebastian, FL :</subfield><subfield code="b">Treasure Coast Pub. Co.</subfield></datafield><datafield ind1=" " ind2=" " tag="300"><subfield code="a">v. :</subfield><subfield code="b">ill. (some col.) ;</subfield><subfield code="c">58 cm.</subfield></datafield><datafield ind1=" " ind2=" " tag="310"><subfield code="a">Weekly</subfield></datafield><datafield ind1="1" ind2=" " tag="362"><subfield code="a">Began in 1980?</subfield></datafield><datafield ind1=" " ind2=" " tag="588"><subfield code="a">Description based on: Vol. 4, no. 7 (Mar. 23, 1983).</subfield></datafield><datafield ind1=" " ind2="0" tag="651"><subfield code="a">Sebastian (Fla.)</subfield><subfield code="v">Newspapers.</subfield></datafield><datafield ind1=" " ind2="0" tag="651"><subfield code="a">Indian River County (Fla.)</subfield><subfield code="v">Newspapers.</subfield></datafield><datafield ind1=" " ind2="7" tag="651"><subfield code="a">Florida</subfield><subfield code="z">Indian River County.</subfield><subfield code="2">fast</subfield><subfield code="0">(OCoLC)fst01213554</subfield></datafield><datafield ind1=" " ind2="7" tag="651"><subfield code="a">Florida</subfield><subfield code="z">Sebastian.</subfield><subfield code="2">fast</subfield><subfield code="0">(OCoLC)fst01213560</subfield></datafield><datafield ind1=" " ind2="7" tag="655"><subfield code="a">Newspapers.</subfield><subfield code="2">fast</subfield><subfield code="0">(OCoLC)fst01423814</subfield></datafield><datafield ind1=" " ind2=" " tag="752"><subfield code="a">United States</subfield><subfield code="b">Florida</subfield><subfield code="c">Indian River</subfield><subfield code="d">Sebastian.</subfield></datafield><datafield ind1="4" ind2=" " tag="856"><subfield code="z">Related internet site:</subfield><subfield code="u">http://www.tcpalm.com</subfield></datafield></record>